@book{gri_qm,
    author = {David J. Griffiths},
    title = {Introduction to Quantum Mechanics},
    publisher = {Cambridge University Press},
    year = {2018}
}

@book{gri_ed,
    author = {David J. Griffiths} ,
    title = {Introduction to electrodynamics},
    publisher = {Pearson},
    year = {2013}
}

@misc{refractive,
    author = {Mikhail Polyanskiy},
    title = {RefractiveIndex.INFO - Refractive index database},
    year = {2025},
    howpublished = {\url{https://refractiveindex.info}}
}

@book{zinth,
    author = {Wolfgang Zinth},
    title = {Optik. Lichtstrahlen - Wellen - Photonen},
    publisher = {De Gruyter Studium},
    year = {2018},
    edition = {5th}
}